<?xml version="1.0" encoding="UTF-8"?><collection><record><leader>07472ntm a2200577 a 4500</leader><controlfield tag="001">006834653</controlfield><controlfield tag="003">MiAaHDL</controlfield><controlfield tag="005">20190719000000.0</controlfield><controlfield tag="006">m        d        </controlfield><controlfield tag="007">cr bn ---auaua</controlfield><controlfield tag="008">090707s1757    xx            00| ||ara d</controlfield><datafield tag="035" ind1=" " ind2=" "><subfield code="a">(MiU)006834653</subfield></datafield><datafield tag="035" ind1=" " ind2=" "><subfield code="a">sdr-miu006834653</subfield></datafield><datafield tag="040" ind1=" " ind2=" "><subfield code="a">MiU</subfield><subfield code="c">MiU</subfield><subfield code="e">amremm</subfield></datafield><datafield tag="043" ind1=" " ind2=" "><subfield code="a">n-us-mi</subfield></datafield><datafield tag="100" ind1="1" ind2=" "><subfield code="6">880-01</subfield><subfield code="a">Khaṭīb al-Tamartāshī, Muḥammad ibn ʻAbd Allāh,</subfield><subfield code="d">1532 or 1533-1595 or 1596.</subfield></datafield><datafield tag="240" ind1="1" ind2="0"><subfield code="6">880-02</subfield><subfield code="a">Minaḥ al-Ghaffār.</subfield><subfield code="n">juzʼ 1</subfield></datafield><datafield tag="245" ind1="1" ind2="0"><subfield code="6">880-03</subfield><subfield code="a">Minaḥ al-Ghaffār sharḥ Tanwīr al-abṣār,</subfield><subfield code="f">[ca. 1757?].</subfield></datafield><datafield tag="246" ind1="3" ind2=" "><subfield code="i">Title in GAL:</subfield><subfield code="a">Minaḥ al-Ghaffār</subfield></datafield><datafield tag="246" ind1="3" ind2=" "><subfield code="a">جزء الاول من كتاب منح الغفار</subfield></datafield><datafield tag="246" ind1="3" ind2=" "><subfield code="i">Edge title (tail):</subfield><subfield code="a">الجزء الاول من كتاب منح الغفار</subfield></datafield><datafield tag="260" ind1=" " ind2=" "><subfield code="c">[ca. 1757?].</subfield></datafield><datafield tag="300" ind1=" " ind2=" "><subfield code="a">261 leaves :</subfield><subfield code="b">paper ;</subfield><subfield code="c">217 x 170 (160 x 105) mm.</subfield></datafield><datafield tag="500" ind1=" " ind2=" "><subfield code="a">Shelfmark: Ann Arbor, University of Michigan, Special Collections Library, Isl. Ms. 1028</subfield></datafield><datafield tag="500" ind1=" " ind2=" "><subfield code="a">Origin: Lacks dated colophon ; hand, paper, etc. would certainly suggest 18th century and dated watermark may suggest ca. 1757.</subfield></datafield><datafield tag="500" ind1=" " ind2=" "><subfield code="a">Accompanying materials: Small scrap torn from a printed Arabic page (between pp.106-107).</subfield></datafield><datafield tag="500" ind1=" " ind2=" "><subfield code="a">Former shelfmark: Mich. Isl. Ms. temp. no. 177</subfield></datafield><datafield tag="500" ind1=" " ind2=" "><subfield code="a">Binding: Pasteboards faced in block-printed paper (now gray on yellow) with red leather over spine and edges / turn-ins (decorative paper faced, leather edged, framed binding) ; possibly once Type II binding (with flap, though now lost [?]), likely two-piece binding (seam of overlapping flanges visible at spine) ; board linings in block-printed paper (silver on dark blue) ; sewn in cream thread, two stations ; worked chevron endbands in pink and light blue, damaged with some thread losses and cores exposed ; overall in poor condition with upper cover and first few gatherings fully detached, moisture damage, staining, abrasion, etc. ; housed in box for protection.</subfield></datafield><datafield tag="500" ind1=" " ind2=" "><subfield code="a">Support: European laid paper of a few different types ; opening type with 10 laid lines per cm. (vertical), chain lines spaced 24-26 mm. apart (horizontal), and watermarks of horn / bugle in arms / shield with crown above (see p.4, 46, 55, 190-191, etc.) and of "... P ACHARD EN DAUPHINE 17[5?]7" (see p.10, 36, 50-51, 116, etc.), sturdy and well-burnished, dark cream in color ; another type with 10 laid lines per cm. (vertical), chain lines spaced 26-27 mm. apart (vertical), and watermark of grapes with stem under crown (see p.82, 90-91, 118, 178, 310, etc.), well-burnished, beige in color ; final quires on a type with 8 laid lines per cm. (vertical), chain lines spaced 25 mm. apart (horizontal), and three crescents watermark (about 120 mm. long, perpendicular to chains, see p.414, 440, etc.), sturdy, fairly thick and cream in color.</subfield></datafield><datafield tag="500" ind1=" " ind2=" "><subfield code="a">Decoration: Section headings, notabilia and some keywords rubricated, others overlined in red ; textual dividers in the form of red hāʼ ; written area of incipit page surrounded by red double rule-border ; text being commented upon overlined in red.</subfield></datafield><datafield tag="500" ind1=" " ind2=" "><subfield code="a">Script: Naskh ; two main hands ; opening hand through p.407 a compact, neat naskh in a thin line, partially but irregularly seriffed with right-sloping tear-drop head-serif on occasional free-standing alif, lām, etc., curvilinear descenders, slight effect of tilt to the left, pointing in strokes rather than distinct dots, final yāʼ unpointed ; from p.408 to close a compact, crowded naskh in a thin line, partially but irregularly seriffed with effect of tilt to the left, quite rounded with curvlinear descenders, pointing in distinct or conjoined dots, bar of kāf (shaqq) sweeping dramatically, point of final nūn set deep in bowl.</subfield></datafield><datafield tag="500" ind1=" " ind2=" "><subfield code="a">Layout: Written in 23 and 26-31 lines per page ; frame-ruled.</subfield></datafield><datafield tag="500" ind1=" " ind2=" "><subfield code="a">Collation: 20 V(200), II+1 (205), 5 V(255), III (261) ; almost exclusively quinions ; middle of the quire marks in the form of double stroke looking like "٧" in upper outer corner of left-hand leaf ; catchwords present ; pagination in pencil, Western numerals, supplied during digitization (drops ten pages by following p.455 with p.446).</subfield></datafield><datafield tag="500" ind1=" " ind2=" "><subfield code="a">Explicit: "يوصل الى قبر عثمان ابن عفان ويزوره ويدعو الله ويسأل حاجته بحرمته ويستغفر الله العظيم من جميع زلاته ونقصانه ويدعو لوالديه واخوانه وجميع المؤمنين والحمد لله اولا واخرا وظاهرا وباطنا وصلى الله على سيدنا محمد وعلى اله واصحابه وازواجه وذرياته وعلى جميع اخوانه من النبيين والصديقين والشهداء والصالحين والحمد لله رب العالمين"</subfield></datafield><datafield tag="500" ind1=" " ind2=" "><subfield code="a">Incipit: "قال مولانا وسيدنا الامام العلامة ... محمد بن عبد الله بن احمد بن محمد بن ابراهيم التمرتاشي الغزي ان اجدر الخ رب يسر وتمم بسم الله الرحمن الرحيم ... ان اجدر ما افتتحت به الكتب والدفاتر ... حمد الله الذي رفع معالم الدين واعلا مناره ... اما بعد فيقول العبد الغريق في بحار الخطاء ... محمد بن عبد الله ... ان اعز ما ... الذليل في تحصيله ويرام ... علم الفقه الذي يقوم به العباد المصالح ... فالفت مختصرا جامعا لجملة من المتون المشهورة ... وسميته بتنوير الابصار وجامع البحار ثم لما افرغته في قالب التحرير والتمام ... سنح لي ان اكتب عليه شرحا لطيفا يحل مشكلاته ... عازما على ان اسميه بعد تمامه بمنح الغفار شرح تنويف الابصار ..."</subfield></datafield><datafield tag="500" ind1=" " ind2=" "><subfield code="a">Title from opening matter on p.3.</subfield></datafield><datafield tag="500" ind1=" " ind2=" "><subfield code="a">Ms. codex.</subfield></datafield><datafield tag="510" ind1="4" ind2=" "><subfield code="a">Brockelmann, C. GAL,</subfield><subfield code="c">II 311</subfield></datafield><datafield tag="520" ind1="8" ind2=" "><subfield code="a">Fine copy of the first volume of Shams al-Dīn Muḥammad ibn ʻAbd Allāh al-Timirtāshī's own commentary upon his compendium of Ḥanafī law, Tanwīr al-abṣār wa-jāmiʻ al-biḥār.</subfield></datafield><datafield tag="538" ind1=" " ind2=" "><subfield code="a">Mode of access: Internet.</subfield></datafield><datafield tag="541" ind1=" " ind2=" "><subfield code="c">Purchase ;</subfield><subfield code="a">Purchased in Egypt by Mr. Sulaiman ;</subfield><subfield code="d">Received: 10/17/1968 ;</subfield><subfield code="e">(Sulaiman 690713-156)</subfield></datafield><datafield tag="546" ind1=" " ind2=" "><subfield code="a">Arabic.</subfield></datafield><datafield tag="561" ind1=" " ind2=" "><subfield code="a">UM Library inscription on leaf obscuring original 'title page' (p.1) "Spec. Coll. Lib. 690713-156 Sulaiman 1968" ; several notes and former owners' marks (including statements, oval seal impression, etc.) on 'title page' now obscured by bifolium affixed to it and upper board lining ; notabilia (side-heads) many rubricated.</subfield></datafield><datafield tag="600" ind1="1" ind2="0"><subfield code="a">Khaṭīb al-Tamartāshī, Muḥammad ibn ʻAbd Allāh,</subfield><subfield code="d">1532 or 3-1595 or 6.</subfield><subfield code="t">Tanwīr al-abṣār wa-jāmiʻ al-biḥār.</subfield></datafield><datafield tag="650" ind1=" " ind2="0"><subfield code="a">Manuscripts, Arabic</subfield><subfield code="z">Michigan</subfield><subfield code="z">Ann Arbor.</subfield></datafield><datafield tag="650" ind1=" " ind2="0"><subfield code="a">Hanafites</subfield><subfield code="v">Early works to 1800.</subfield></datafield><datafield tag="650" ind1=" " ind2="0"><subfield code="a">Islamic law</subfield><subfield code="x">Interpretation and construction</subfield><subfield code="v">Early works to 1800.</subfield></datafield><datafield tag="773" ind1="0" ind2=" "><subfield code="a">Sulaiman Purchase Collection.</subfield></datafield><datafield tag="880" ind1="1" ind2="0"><subfield code="6">245-03/</subfield><subfield code="a">منح الغفار شرح تنوير الابصار,</subfield><subfield code="f">[ح 1757م؟].</subfield></datafield><datafield tag="880" ind1="1" ind2="0"><subfield code="6">240-02/</subfield><subfield code="a">منح الغفار.</subfield><subfield code="n">جزء 1</subfield></datafield><datafield tag="880" ind1="1" ind2=" "><subfield code="6">100-01/</subfield><subfield code="a">خطيب التمرتاشي، محمد بن عبد الله.</subfield></datafield><datafield tag="CID" ind1=" " ind2=" "><subfield code="a">006834653</subfield></datafield><datafield tag="DAT" ind1="0" ind2=" "><subfield code="a">20190719102641.0</subfield><subfield code="b">20190719000000.0</subfield></datafield><datafield tag="DAT" ind1="1" ind2=" "><subfield code="a">20190719090653.0</subfield><subfield code="b">2019-07-19T16:12:14Z</subfield></datafield><datafield tag="DAT" ind1="2" ind2=" "><subfield code="a">2015-10-02T18:00:03Z</subfield></datafield><datafield tag="CAT" ind1=" " ind2=" "><subfield code="a">SDR-MIU</subfield><subfield code="d">EX LIBRIS - ALEPH</subfield><subfield code="l">prepare.pl-004-008</subfield></datafield><datafield tag="FMT" ind1=" " ind2=" "><subfield code="a">BK</subfield></datafield><datafield tag="HOL" ind1=" " ind2=" "><subfield code="0">sdr-miu006834653</subfield><subfield code="a">MiU</subfield><subfield code="b">SDR</subfield><subfield code="c">MIU</subfield><subfield code="p">mdp.39015079132158</subfield><subfield code="s">MIU</subfield><subfield code="1">006834653</subfield></datafield><datafield tag="974" ind1=" " ind2=" "><subfield code="b">MIU</subfield><subfield code="c">MIU</subfield><subfield code="d">20190719</subfield><subfield code="s">lit-dlps-dc</subfield><subfield code="u">mdp.39015079132158</subfield><subfield code="y">1757</subfield><subfield code="r">pd</subfield><subfield code="q">bib</subfield><subfield code="t">non-US bib date1 &lt; 1879</subfield></datafield></record></collection>